
@inproceedings{8457831,
  title = {Serverless Data Analytics with Flint},
  booktitle = {2018 {{IEEE}} 11th International Conference on Cloud Computing ({{CLOUD}})},
  author = {Kim, Y. and Lin, J.},
  year = {2018},
  pages = {451--455}
}

@article{Agilesof32:online,
  title = {Agile Software Development - Wikipedia}
}

@inproceedings{artac2017devops,
  title = {{{DevOps}}: Introducing Infrastructure-as-Code},
  booktitle = {2017 {{IEEE}}/{{ACM}} 39th International Conference on Software Engineering Companion ({{ICSE}}-{{C}})},
  author = {Artac, Matej and Borovssak, Tadej and Di Nitto, Elisabetta and Guerriero, Michele and Tamburri, Damian Andrew},
  year = {2017},
  pages = {497--498},
  organization = {{IEEE}}
}

@article{AWSLambd13:online,
  title = {{{AWS}} Lambda Limits - {{AWS}} Lambda}
}

@article{AWSLambd53:online,
  title = {{{AWS}} Lambda \textendash{} Serverless Compute - Amazon Web Services}
}

@article{AzureSer56:online,
  title = {Azure Serverless | Microsoft Azure}
}

@incollection{baldini2017serverless,
  title = {Serverless Computing: {{Current}} Trends and Open Problems},
  booktitle = {Research Advances in Cloud Computing},
  author = {Baldini, Ioana and Castro, Paul and Chang, Kerry and Cheng, Perry and Fink, Stephen and Ishakian, Vatche and Mitchell, Nick and Muthusamy, Vinod and Rabbah, Rodric and Slominski, Aleksander and others},
  year = {2017},
  pages = {1--20},
  publisher = {{Springer}}
}

@book{bangera2018devops,
  title = {{{DevOps}} for {{Serverless Applications}}: {{Design}}, Deploy, and Monitor Your Serverless Applications Using {{DevOps}} Practices},
  author = {Bangera, Shashikant},
  year = {2018},
  publisher = {{Packt Publishing Ltd}}
}

@book{bass2015devops,
  title = {{{DevOps}}: {{A}} Software Architect's Perspective},
  author = {Bass, Len and Weber, Ingo and Zhu, Liming},
  year = {2015},
  publisher = {{Addison-Wesley Professional}}
}

@article{beck1999embracing,
  title = {Embracing Change with Extreme Programming},
  author = {Beck, Kent},
  year = {1999},
  volume = {32},
  pages = {70--77},
  publisher = {{IEEE}},
  journal = {Computer},
  number = {10}
}

@article{beck2001manifesto,
  title = {Manifesto for Agile Software Development},
  author = {Beck, Kent and Beedle, Mike and Van Bennekum, Arie and Cockburn, Alistair and Cunningham, Ward and Fowler, Martin and Grenning, James and Highsmith, Jim and Hunt, Andrew and Jeffries, Ron and others},
  year = {2001}
}

@article{beck2001principles,
  title = {Principles behind the Agile Manifesto},
  author = {Beck, Kent and Beedle, Mike and Van Bennekum, Arie and Cockburn, Alistair and Cunningham, Ward and Fowler, Martin and Grenning, James and Highsmith, Jim and Hunt, Andrew and Jeffries, Ron and others},
  year = {2001},
  pages = {1--2},
  journal = {Agile Alliance}
}

@article{buchanan2015agile,
  title = {Agile and {{DevOps}}: {{Friends}} or Foes},
  author = {Buchanan, Ian},
  year = {2015},
  journal = {Atlassian Agile Coach}
}

@article{Buildaut62:online,
  title = {Build Automation - Wikipedia}
}

@article{chacongithub,
  title = {Github Flow. 2011},
  author = {Chacon, Scott},
  year = {2011},
  joural = {URL http://scottchacon.com/2011/08/31/github-flow.html}
}

@article{cncf2020,
  title = {The State of Cloud Native Development},
  author = {McMahon, Kim},
  year = {2020},
  month = may,
  journal = {KEY INSIGHTS FOR THE CLOUD NATIVE COMPUTING FOUNDATION STATE OF DEVELOPER NATION Q2 2019}
}

@article{CompareR31:online,
  title = {Compare Repositories - Open Hub}
}

@article{Continuo97:online,
  title = {Continuous Delivery vs. {{Traditional}} Agile - {{DZone DevOps}}}
}

@book{crispin2009agile,
  title = {Agile Testing: {{A}} Practical Guide for Testers and Agile Teams},
  author = {Crispin, Lisa and Gregory, Janet},
  year = {2009},
  publisher = {{Pearson Education}}
}

@article{cusumano1995beyond,
  title = {Beyond the Waterfall: {{Software}} Development at {{Microsoft}}},
  author = {Cusumano, Michael A and Smith, Stanley A},
  year = {1995},
  publisher = {{Sloan School of Management, Massachusetts Institute of Technology]}}
}

@incollection{dai2019java,
  title = {Java Basics},
  booktitle = {Learn Java with Math},
  author = {Dai, Ron},
  year = {2019},
  pages = {19--22},
  publisher = {{Springer}}
}

@inproceedings{debois2008agile,
  title = {Agile Infrastructure and Operations: How Infra-Gile Are You?},
  booktitle = {Agile 2008 Conference},
  author = {Debois, Patrick},
  year = {2008},
  pages = {202--207},
  organization = {{IEEE}}
}

@article{DevOps1016:online,
  title = {{{DevOps}} 101: {{What}} Is a {{DevOps}} Platform? - {{DZone DevOps}}}
}

@article{DevOpsas45:online,
  title = {{{DevOps}} as a Service: {{Automation}} in the Cloud | Sumo Logic}
}

@article{DevOpsCu76:online,
  title = {{{DevOpsCulture}}}
}

@article{DevOpsin72:online,
  title = {{{DevOps}} in a Scaling Environment - Tajawal - Medium}
}

@article{DevOpsSc0:online,
  title = {{{DevOps}}\_{{ScriptRock}}.Pdf}
}

@article{DevOpsto7:online,
  title = {{{DevOps}} Toolchain - Wikipedia}
}

@article{DevOpsWi87:online,
  title = {{{DevOps}} - Wikipedia}
}

@article{driessen2010successful,
  title = {A Successful {{Git}} Branching Model},
  author = {Driessen, Vincent},
  year = {2010},
  journal = {URL http://nvie.com/posts/a-successful-git-branching-model}
}

@article{ebert2016devops,
  title = {{{DevOps}}},
  author = {Ebert, Christof and Gallardo, Gorka and Hernantes, Josune and Serrano, Nicolas},
  year = {2016},
  volume = {33},
  pages = {94--100},
  publisher = {{IEEE}},
  journal = {Ieee Software},
  number = {3}
}

@article{erich2017qualitative,
  title = {A Qualitative Study of {{DevOps}} Usage in Practice},
  author = {Erich, FMA and Amrit, Chintan and Daneva, Maya},
  year = {2017},
  volume = {29},
  pages = {e1885},
  publisher = {{Wiley Online Library}},
  journal = {Journal of software: Evolution and Process},
  number = {6}
}

@article{feitelson2013development,
  title = {Development and Deployment at Facebook},
  author = {Feitelson, Dror G and Frachtenberg, Eitan and Beck, Kent L},
  year = {2013},
  volume = {17},
  pages = {8--17},
  publisher = {{IEEE}},
  journal = {IEEE Internet Computing},
  number = {4}
}

@article{forsgren20192019,
  title = {2019 Accelerate State of {{DevOps}} Report},
  author = {Forsgren, Nicole and Smith, Dustin and Humble, Jez and Frazelle, Jessie},
  year = {2019}
}

@article{forsgrenaccelerate,
  title = {Accelerate: State of {{DevOps}} Report: {{Strategies}} for a New Economy. {{DORA}} ({{DevOps}} Research and Assessment) and Google Cloud, 2018},
  author = {Forsgren, N and Humble, J and Kim, G}
}

@article{fowler2006continuous,
  title = {Continuous Integration},
  author = {Fowler, Martin and Foemmel, Matthew},
  year = {2006}
}

@article{fowler2010bluegreendeployment,
  title = {{{BlueGreenDeployment}}, 2010},
  author = {Fowler, Martin},
  year = {2010},
  journal = {http://martinfowler.com/bliki/BlueGreenDeployment.html}
}

@article{fowler2013continuous,
  title = {Continuous Delivery. {{May}} 30, 2013},
  author = {Fowler, M},
  year = {2013}
}

@article{GartnerS47:online,
  title = {Gartner Says Worldwide {{IaaS}} Public Cloud Services Market Grew 31.3\% in 2018},
  year = {2019},
  month = jul,
  journal = {Gartner Newsroom}
}

@article{gill2018devops,
  title = {{{DevOps}} for Information Management Systems},
  author = {Gill, Asif Qumer and Loumish, Abhishek and Riyat, Isha and Han, Sungyoup},
  year = {2018},
  publisher = {{Emerald Publishing Limited}},
  journal = {VINE Journal of Information and Knowledge Management Systems}
}

@article{GitAbout93:online,
  title = {Git - about Version Control}
}

@inproceedings{glikson2017deviceless,
  title = {Deviceless Edge Computing: Extending Serverless Computing to the Edge of the Network},
  booktitle = {Proceedings of the 10th {{ACM}} International Systems and Storage Conference},
  author = {Glikson, Alex and Nastic, Stefan and Dustdar, Schahram},
  year = {2017},
  pages = {1--1}
}

@article{guides2013understanding,
  title = {Understanding the Github Flow},
  author = {Guides, GitHub},
  year = {2013},
  publisher = {{Enero}}
}

@article{hellerstein2018serverless,
  title = {Serverless Computing: {{One}} Step Forward, Two Steps Back},
  author = {Hellerstein, Joseph M and Faleiro, Jose and Gonzalez, Joseph E and {Schleier-Smith}, Johann and Sreekanti, Vikram and Tumanov, Alexey and Wu, Chenggang},
  year = {2018},
  journal = {arXiv preprint arXiv:1812.03651}
}

@article{hering2015measure,
  title = {Measure Efficiency Effectiveness, and Culture to Optimize {{DevOps}} Transformation. {{DevOps}} Enterprise Forum},
  author = {HERING, M and DeGrandis, D and Forsgren, N},
  year = {2015}
}

@article{highsmith2002agile,
  title = {What Is Agile Software Development?},
  author = {Highsmith, Jim},
  year = {2002},
  volume = {15},
  pages = {4--10},
  journal = {crosstalk},
  number = {10}
}

@book{huttermann2012devops,
  title = {{{DevOps}} for Developers},
  author = {H{\"u}ttermann, Michael},
  year = {2012},
  publisher = {{Apress}}
}

@article{indexTIO42:online,
  title = {Index | {{TIOBE}} - the Software Quality Company},
  author = {{TIOBE}}
}

@inproceedings{ivanov2018implementation,
  title = {Implementation of a {{DevOps}} Pipeline for Serverless Applications},
  booktitle = {International Conference on Product-Focused Software Process Improvement},
  author = {Ivanov, Vitalii and Smolander, Kari},
  year = {2018},
  pages = {48--64},
  organization = {{Springer}}
}

@inproceedings{jabbari2016devops,
  title = {What Is {{DevOps}}? {{A}} Systematic Mapping Study on Definitions and Practices},
  booktitle = {Proceedings of the Scientific Workshop Proceedings of {{XP2016}}},
  author = {Jabbari, Ramtin and {bin Ali}, Nauman and Petersen, Kai and Tanveer, Binish},
  year = {2016},
  pages = {1--11}
}

@article{jangda2019formal,
  title = {Formal Foundations of Serverless Computing},
  author = {Jangda, Abhinav and Pinckney, Donald and Brun, Yuriy and Guha, Arjun},
  year = {2019},
  volume = {3},
  pages = {1--26},
  publisher = {{ACM New York, NY, USA}},
  journal = {Proceedings of the ACM on Programming Languages},
  number = {OOPSLA}
}

@article{jonas2019cloud,
  title = {Cloud Programming Simplified: {{A}} Berkeley View on Serverless Computing},
  author = {Jonas, Eric and {Schleier-Smith}, Johann and Sreekanti, Vikram and Tsai, Chia-Che and Khandelwal, Anurag and Pu, Qifan and Shankar, Vaishaal and Carreira, Joao and Krauth, Karl and Yadwadkar, Neeraja and others},
  year = {2019},
  journal = {arXiv preprint arXiv:1902.03383}
}

@article{KeepingF68:online,
  title = {Keeping Functions Warm - How to Fix {{AWS}} Lambda Cold Start Issues}
}

@book{kim2016devops,
  title = {The {{DevOps}} Handbook:: {{How}} to Create World-Class Agility, Reliability, and Security in Technology Organizations},
  author = {Kim, Gene and Humble, Jez and Debois, Patrick and Willis, John},
  year = {2016},
  publisher = {{IT Revolution}}
}

@inproceedings{lee2018evaluation,
  title = {Evaluation of Production Serverless Computing Environments},
  booktitle = {2018 {{IEEE}} 11th International Conference on Cloud Computing ({{CLOUD}})},
  author = {Lee, Hyungro and Satyam, Kumar and Fox, Geoffrey},
  year = {2018},
  pages = {442--450},
  organization = {{IEEE}}
}

@article{leite2019survey,
  title = {A Survey of {{DevOps}} Concepts and Challenges},
  author = {Leite, Leonardo and Rocha, Carla and Kon, Fabio and Milojicic, Dejan and Meirelles, Paulo},
  year = {2019},
  volume = {52},
  pages = {1--35},
  publisher = {{ACM New York, NY, USA}},
  journal = {ACM Computing Surveys (CSUR)},
  number = {6}
}

@article{leppanen2015highways,
  title = {The Highways and Country Roads to Continuous Deployment},
  author = {Lepp{\"a}nen, Marko and M{\"a}kinen, Simo and Pagels, Max and Eloranta, Veli-Pekka and Itkonen, Juha and M{\"a}ntyl{\"a}, Mika V and M{\"a}nnist{\"o}, Tomi},
  year = {2015},
  volume = {32},
  pages = {64--72},
  publisher = {{IEEE}},
  journal = {Ieee software},
  number = {2}
}

@book{loeliger2012version,
  title = {Version {{Control}} with {{Git}}: {{Powerful}} Tools and Techniques for Collaborative Software Development},
  author = {Loeliger, Jon and McCullough, Matthew},
  year = {2012},
  publisher = {{" O'Reilly Media, Inc."}}
}

@inproceedings{lwakatare2015dimensions,
  title = {Dimensions of Devops},
  booktitle = {International Conference on Agile Software Development},
  author = {Lwakatare, Lucy Ellen and Kuvaja, Pasi and Oivo, Markku},
  year = {2015},
  pages = {212--217},
  organization = {{Springer}}
}

@inproceedings{lwakatare2016relationship,
  title = {Relationship of {{DevOps}} to Agile, Lean and Continuous Deployment},
  booktitle = {International Conference on Product-Focused Software Process Improvement},
  author = {Lwakatare, Lucy Ellen and Kuvaja, Pasi and Oivo, Markku},
  year = {2016},
  pages = {399--415},
  organization = {{Springer}}
}

@inproceedings{mcgrath2017serverless,
  title = {Serverless Computing: {{Design}}, Implementation, and Performance},
  booktitle = {2017 {{IEEE}} 37th International Conference on Distributed Computing Systems Workshops ({{ICDCSW}})},
  author = {McGrath, Garrett and Brenner, Paul R},
  year = {2017},
  pages = {405--410},
  organization = {{IEEE}}
}

@inproceedings{miglierina2014application,
  title = {Application Deployment and Management in the Cloud},
  booktitle = {2014 16th International Symposium on Symbolic and Numeric Algorithms for Scientific Computing},
  author = {Miglierina, Marco},
  year = {2014},
  pages = {422--428},
  organization = {{IEEE}}
}

@article{nastic2017serverless,
  title = {A Serverless Real-Time Data Analytics Platform for Edge Computing},
  author = {Nastic, Stefan and Rausch, Thomas and Scekic, Ognjen and Dustdar, Schahram and Gusev, Marjan and Koteska, Bojana and Kostoska, Magdalena and Jakimovski, Boro and Ristov, Sasko and Prodan, Radu},
  year = {2017},
  volume = {21},
  pages = {64--71},
  publisher = {{IEEE}},
  journal = {IEEE Internet Computing},
  number = {4}
}

@article{Overview44:online,
  title = {Overview | Drone}
}

@article{perez2018serverless,
  title = {Serverless Computing for Container-Based Architectures},
  author = {P{\'e}rez, Alfonso and Molt{\'o}, Germ{\'a}n and Caballer, Miguel and Calatrava, Amanda},
  year = {2018},
  volume = {83},
  pages = {50--59},
  publisher = {{Elsevier}},
  journal = {Future Generation Computer Systems}
}

@article{Pipeline85:online,
  title = {Pipeline-Jenkins User Documentation},
  author = {{Jenkins}}
}

@article{pittet2018continuous,
  title = {Continuous Integration vs. Continuous Delivery vs. Continuous Deployment},
  author = {Pittet, Sten},
  year = {2018},
  volume = {24},
  pages = {2018},
  journal = {Web-article. Atlassian.\textexclamdown{} https://www. atlassian. com/continuous-delivery/ci-vs-ci-vs-cd\textquestiondown. Fetched}
}

@article{Programm17:online,
  title = {Programming Languages Used in Most Popular Websites - {{Wikipedia}}}
}

@article{Serverle29:online,
  title = {Serverless Computing | Google Cloud}
}

@article{Serverle73:online,
  title = {Serverless Computing vs. {{Containers}} How to Choose | Cloudflare}
}

@article{Serverle77:online,
  title = {Serverless Computing - Wikipedia}
}

@article{Serverle81:online,
  title = {Serverless Computing \textendash{} Amazon Web Services}
}

@article{shropshire2017uncertainty,
  title = {Uncertainty, Personality, and Attitudes toward {{DevOps}}},
  author = {Shropshire, Jordan and Menard, Philip and Sweeney, Bob},
  year = {2017}
}

@book{smart2011jenkins,
  title = {Jenkins: {{The}} Definitive Guide: {{Continuous}} Integration for the Masses},
  author = {Smart, John Ferguson},
  year = {2011},
  publisher = {{" O'Reilly Media, Inc."}}
}

@article{Sourcean53:online,
  title = {Source and Version Control in {{DevOps}} \textendash{} {{BMC}} Blogs}
}

@article{SpringBo84:online,
  title = {Spring Boot}
}

@article{SpringWh14:online,
  title = {Spring | Why Spring?}
}

@article{Testauto48:online,
  title = {Test Automation in a {{CI}}/{{CD}} Pipeline | {{spriteCloud}}}
}

@article{TheDevOp71:online,
  title = {The {{DevOps}} Lifecycle with {{GitLab}} | {{GitLab}}}
}

@article{Theorigi86:online,
  title = {The Origin of {{DevOps}}}
}

@article{TheresNo86:online,
  title = {There's No Such Thing as a "{{Devops Team}}" - Continuous Delivery}
}

@article{TheState3:online,
  title = {The State of the Octoverse},
  author = {{GitHub}},
  year = {2019}
}

@article{ThomsonR38:online,
  title = {Thomson Reuters Case Study}
}

@article{Toolchai10:online,
  title = {Toolchain - Wikipedia}
}

@article{velasquez2014state,
  title = {State of {{DevOps}} Report},
  author = {Velasquez, Nicole Forsgren and Kim, Gene and Kersten, Nigel and Humble, Jez},
  year = {2014},
  publisher = {{Puppet}}
}

@book{verona2016practical,
  title = {Practical {{DevOps}}},
  author = {Verona, Joakim},
  year = {2016},
  publisher = {{Packt Publishing Ltd}}
}

@book{walls2013building,
  title = {Building a {{DevOps}} Culture},
  author = {Walls, Mandi},
  year = {2013},
  publisher = {{" O'Reilly Media, Inc."}}
}

@article{WhatareC61:online,
  title = {What Are Containers? \textendash{} Benefits and Use Cases | {{NetApp}}}
}

@article{WhatisaD20:online,
  title = {What Is a {{DevOps}} Toolchain? \textendash{} {{BMC}} Blogs}
}

@article{WhatisAg98:online,
  title = {What Is Agile Software Development? | Agile Alliance}
}

@article{WhatisCo47:online,
  title = {What Is Continuous Delivery? - Continuous Delivery}
}

@article{zahariev2009google,
  title = {Google App Engine},
  author = {Zahariev, Alexander},
  year = {2009},
  pages = {1--5},
  journal = {Helsinki University of Technology}
}

@article{zhu2016devops,
  title = {{{DevOps}} and Its Practices},
  author = {Zhu, Liming and Bass, Len and {Champlin-Scharff}, George},
  year = {2016},
  volume = {33},
  pages = {32--34},
  publisher = {{IEEE}},
  journal = {IEEE Software},
  number = {3}
}


