@misc{Agilesof32:online,
  author       = {},
  title        = {Agile software development - Wikipedia},
  howpublished = {\url{https://en.wikipedia.org/wiki/Agile_software_development#Iterative,_incremental_and_evolutionary}},
  month        = {},
  year         = {},
  note         = {(Accessed on 03/18/2020)}
}
@misc{WhatareC61:online,
author = {},
title = {What are Containers? – Benefits and Use Cases | NetApp},
howpublished = {\url{https://www.netapp.com/us/info/what-are-containers.aspx}},
month = {},
year = {},
note = {(Accessed on 04/09/2020)}
}
@inproceedings{mcgrath2017serverless,
  title={Serverless computing: Design, implementation, and performance},
  author={McGrath, Garrett and Brenner, Paul R},
  booktitle={2017 IEEE 37th International Conference on Distributed Computing Systems Workshops (ICDCSW)},
  pages={405--410},
  year={2017},
  organization={IEEE}
}
@inproceedings{miglierina2014application,
  title={Application deployment and management in the cloud},
  author={Miglierina, Marco},
  booktitle={2014 16th International Symposium on Symbolic and Numeric Algorithms for Scientific Computing},
  pages={422--428},
  year={2014},
  organization={IEEE}
}
@article{beck1999embracing,
  title     = {Embracing change with extreme programming},
  author    = {Beck, Kent},
  journal   = {Computer},
  volume    = {32},
  number    = {10},
  pages     = {70--77},
  year      = {1999},
  publisher = {IEEE}
}
@article{beck2001manifesto,
  title  = {Manifesto for agile software development},
  author = {Beck, Kent and Beedle, Mike and Van Bennekum, Arie and Cockburn, Alistair and Cunningham, Ward and Fowler, Martin and Grenning, James and Highsmith, Jim and Hunt, Andrew and Jeffries, Ron and others},
  year   = {2001}
}

@article{beck2001principles,
  title   = {Principles behind the agile manifesto},
  author  = {Beck, Kent and Beedle, Mike and Van Bennekum, Arie and Cockburn, Alistair and Cunningham, Ward and Fowler, Martin and Grenning, James and Highsmith, Jim and Hunt, Andrew and Jeffries, Ron and others},
  journal = {Agile Alliance},
  pages   = {1--2},
  year    = {2001}
}
@misc{Buildaut62:online,
  author       = {},
  title        = {Build automation - Wikipedia},
  howpublished = {\url{https://en.wikipedia.org/wiki/Build_automation}},
  month        = {},
  year         = {},
  note         = {(Accessed on 03/19/2020)}
}
@misc{Continuo67:online,
  author       = {},
  title        = {Continuous integration vs. continuous delivery vs. continuous deployment},
  howpublished = {\url{https://www.atlassian.com/continuous-delivery/principles/continuous-integration-vs-delivery-vs-deployment}},
  month        = {},
  year         = {},
  note         = {(Accessed on 03/19/2020)}
}
@book{crispin2009agile,
  title     = {Agile testing: A practical guide for testers and agile teams},
  author    = {Crispin, Lisa and Gregory, Janet},
  year      = {2009},
  publisher = {Pearson Education}
}
@article{cusumano1995beyond,
  title     = {Beyond the waterfall: Software development at Microsoft},
  author    = {Cusumano, Michael A and Smith, Stanley A},
  year      = {1995},
  publisher = {Sloan School of Management, Massachusetts Institute of Technology]}
}
@article{leite2019survey,
  title={A Survey of DevOps Concepts and Challenges},
  author={Leite, Leonardo and Rocha, Carla and Kon, Fabio and Milojicic, Dejan and Meirelles, Paulo},
  journal={ACM Computing Surveys (CSUR)},
  volume={52},
  number={6},
  pages={1--35},
  year={2019},
  publisher={ACM New York, NY, USA}
}
@misc{DevOps1016:online,
  author       = {},
  title        = {DevOps 101: What Is a DevOps Platform? - DZone DevOps},
  howpublished = {\url{https://dzone.com/articles/devops-101-what-is-a-devops-platform}},
  month        = {},
  year         = {},
  note         = {(Accessed on 02/26/2020)}
}
@misc{DevOpsto7:online,
  author       = {},
  title        = {DevOps toolchain - Wikipedia},
  howpublished = {\url{https://en.wikipedia.org/wiki/DevOps_toolchain}},
  month        = {},
  year         = {},
  note         = {(Accessed on 03/11/2020)}
}
@misc{DevOpsWi87:online,
  author       = {},
  title        = {DevOps - Wikipedia},
  howpublished = {\url{https://en.wikipedia.org/wiki/DevOps}},
  month        = {},
  year         = {},
  note         = {(Accessed on 02/24/2020)}
}

@article{ebert2016devops,
  title     = {DevOps},
  author    = {Ebert, Christof and Gallardo, Gorka and Hernantes, Josune and Serrano, Nicolas},
  journal   = {Ieee Software},
  volume    = {33},
  number    = {3},
  pages     = {94--100},
  year      = {2016},
  publisher = {IEEE}
}
@misc{fowler2006continuous,
  title  = {Continuous integration},
  author = {Fowler, Martin and Foemmel, Matthew},
  year   = {2006}
}

@misc{fowler2013continuous,
  title  = {Continuous delivery. May 30, 2013},
  author = {Fowler, M},
  year   = {2013}
}
@article{erich2017qualitative,
  title={A qualitative study of DevOps usage in practice},
  author={Erich, FMA and Amrit, Chintan and Daneva, Maya},
  journal={Journal of software: Evolution and Process},
  volume={29},
  number={6},
  pages={e1885},
  year={2017},
  publisher={Wiley Online Library}
}
@inproceedings{jabbari2016devops,
  title     = {What is DevOps? A systematic mapping study on definitions and practices},
  author    = {Jabbari, Ramtin and bin Ali, Nauman and Petersen, Kai and Tanveer, Binish},
  booktitle = {Proceedings of the Scientific Workshop Proceedings of XP2016},
  pages     = {1--11},
  year      = {2016}
}
@article{gill2018devops,
  title={DevOps for information management systems},
  author={Gill, Asif Qumer and Loumish, Abhishek and Riyat, Isha and Han, Sungyoup},
  journal={VINE Journal of Information and Knowledge Management Systems},
  year={2018},
  publisher={Emerald Publishing Limited}
}
@misc{DevOpsCu76:online,
author = {},
title = {DevOpsCulture},
howpublished = {\url{https://martinfowler.com/bliki/DevOpsCulture.html}},
month = {},
year = {},
note = {(Accessed on 03/27/2020)}
}
@misc{DevOpsin72:online,
author = {},
title = {DevOps in a Scaling Environment - tajawal - Medium},
howpublished = {\url{https://medium.com/tech-tajawal/devops-in-a-scaling-environment-9d5416ecb928}},
month = {},
year = {},
note = {(Accessed on 03/27/2020)}
}
@book{kim2016devops,
  title     = {The DevOps Handbook:: How to Create World-Class Agility, Reliability, and Security in Technology Organizations},
  author    = {Kim, Gene and Humble, Jez and Debois, Patrick and Willis, John},
  year      = {2016},
  publisher = {IT Revolution}
}

@misc{Testauto48:online,
  author       = {},
  title        = {Test automation in a CI/CD pipeline | spriteCloud},
  howpublished = {\url{https://www.spritecloud.com/test-automation-with-ci-cd-pipeline/}},
  month        = {},
  year         = {},
  note         = {(Accessed on 03/19/2020)}
}

@misc{TheDevOp71:online,
  author       = {},
  title        = {The DevOps Lifecycle with GitLab | GitLab},
  howpublished = {\url{https://about.gitlab.com/stages-devops-lifecycle/}},
  month        = {},
  year         = {},
  note         = {(Accessed on 03/11/2020)}
}

@misc{Theorigi86:online,
  author       = {},
  title        = {The origin of DevOps},
  howpublished = {\url{https://bugwolf.com/blog/the-origin-of-devops}},
  month        = {},
  year         = {},
  note         = {(Accessed on 02/24/2020)}
}

@misc{Toolchai10:online,
  author       = {},
  title        = {Toolchain - Wikipedia},
  howpublished = {\url{https://en.wikipedia.org/wiki/Toolchain}},
  month        = {},
  year         = {},
  note         = {(Accessed on 03/11/2020)}
}

@misc{WhatisaD20:online,
  author       = {},
  title        = {What is a DevOps Toolchain? – BMC Blogs},
  howpublished = {\url{https://www.bmc.com/blogs/devops-toolchain/}},
  month        = {},
  year         = {},
  note         = {(Accessed on 03/13/2020)}
}

@misc{WhatisAg98:online,
  author       = {},
  title        = {What is Agile Software Development? | Agile Alliance},
  howpublished = {\url{https://www.agilealliance.org/agile101/}},
  month        = {},
  year         = {},
  note         = {(Accessed on 03/18/2020)}
}
@article{zhu2016devops,
  title     = {DevOps and its practices},
  author    = {Zhu, Liming and Bass, Len and Champlin-Scharff, George},
  journal   = {IEEE Software},
  volume    = {33},
  number    = {3},
  pages     = {32--34},
  year      = {2016},
  publisher = {IEEE}
}

@book{bass2015devops,
  title={DevOps: A software architect's perspective},
  author={Bass, Len and Weber, Ingo and Zhu, Liming},
  year={2015},
  publisher={Addison-Wesley Professional}
}
@inproceedings{artac2017devops,
  title={DevOps: introducing infrastructure-as-code},
  author={Artac, Matej and Borovssak, Tadej and Di Nitto, Elisabetta and Guerriero, Michele and Tamburri, Damian Andrew},
  booktitle={2017 IEEE/ACM 39th International Conference on Software Engineering Companion (ICSE-C)},
  pages={497--498},
  year={2017},
  organization={IEEE}
}

@misc{WhatisCo47:online,
author = {},
title = {What is Continuous Delivery? - Continuous Delivery},
howpublished = {\url{https://continuousdelivery.com/}},
month = {},
year = {},
note = {(Accessed on 03/23/2020)}
}
@article{leppanen2015highways,
  title={The highways and country roads to continuous deployment},
  author={Lepp{\"a}nen, Marko and M{\"a}kinen, Simo and Pagels, Max and Eloranta, Veli-Pekka and Itkonen, Juha and M{\"a}ntyl{\"a}, Mika V and M{\"a}nnist{\"o}, Tomi},
  journal={Ieee software},
  volume={32},
  number={2},
  pages={64--72},
  year={2015},
  publisher={IEEE}
}

@misc{Continuo97:online,
author = {},
title = {Continuous Delivery vs. Traditional Agile - DZone DevOps},
howpublished = {\url{https://dzone.com/articles/continuous-delivery-vs}},
month = {},
year = {},
note = {(Accessed on 03/24/2020)}
}

@inproceedings{lwakatare2016relationship,
  title={Relationship of DevOps to agile, lean and continuous deployment},
  author={Lwakatare, Lucy Ellen and Kuvaja, Pasi and Oivo, Markku},
  booktitle={International conference on product-focused software process improvement},
  pages={399--415},
  year={2016},
  organization={Springer}
}

@inproceedings{lwakatare2015dimensions,
  title={Dimensions of devops},
  author={Lwakatare, Lucy Ellen and Kuvaja, Pasi and Oivo, Markku},
  booktitle={International conference on agile software development},
  pages={212--217},
  year={2015},
  organization={Springer}
}

@inproceedings{debois2008agile,
  title={Agile infrastructure and operations: how infra-gile are you?},
  author={Debois, Patrick},
  booktitle={Agile 2008 Conference},
  pages={202--207},
  year={2008},
  organization={IEEE}
}

@book{walls2013building,
  title={Building a DevOps culture},
  author={Walls, Mandi},
  year={2013},
  publisher={" O'Reilly Media, Inc."}
}
@book{huttermann2012devops,
  title={DevOps for developers},
  author={H{\"u}ttermann, Michael},
  year={2012},
  publisher={Apress}
}
@article{feitelson2013development,
  title={Development and deployment at facebook},
  author={Feitelson, Dror G and Frachtenberg, Eitan and Beck, Kent L},
  journal={IEEE Internet Computing},
  volume={17},
  number={4},
  pages={8--17},
  year={2013},
  publisher={IEEE}
}
@article{shropshire2017uncertainty,
  title={Uncertainty, Personality, and Attitudes toward DevOps},
  author={Shropshire, Jordan and Menard, Philip and Sweeney, Bob},
  year={2017}
}
@misc{TheresNo86:online,
author = {},
title = {There's No Such Thing as a "Devops Team" - Continuous Delivery},
howpublished = {\url{https://continuousdelivery.com/2012/10/theres-no-such-thing-as-a-devops-team/}},
month = {},
year = {},
note = {(Accessed on 03/26/2020)}
}

@book{verona2016practical,
  title={Practical DevOps},
  author={Verona, Joakim},
  year={2016},
  publisher={Packt Publishing Ltd}
}